<?xml version="1.0" encoding="UTF-8"?>
<collection xmlns:xsi="http://www.w3.org/2001/XMLSchema-instance" xsi:schemaLocation="http://www.loc.gov/MARC21/slim http://www.loc.gov/standards/marcxml/schema/MARC21slim.xsd" xmlns="http://www.loc.gov/MARC21/slim">
<record>
  <leader>01651cam a2200373M  4500</leader>
  <controlfield tag="001">3062100</controlfield>
  <controlfield tag="003">NNC</controlfield>
  <controlfield tag="005">20150920222917.0</controlfield>
  <controlfield tag="008">861209m19569999iq a     b    000 0 ara  </controlfield>
  <datafield tag="010" ind1=" " ind2=" ">
    <subfield code="a">   72298681 </subfield>
  </datafield>
  <datafield tag="035" ind1=" " ind2=" ">
    <subfield code="a">(OCoLC)ocm16662394</subfield>
  </datafield>
  <datafield tag="035" ind1=" " ind2=" ">
    <subfield code="9">ATN3746CU</subfield>
  </datafield>
  <datafield tag="035" ind1=" " ind2=" ">
    <subfield code="a">(NNC)3062100</subfield>
  </datafield>
  <datafield tag="040" ind1=" " ind2=" ">
    <subfield code="a">DLC</subfield>
    <subfield code="c">NYP</subfield>
    <subfield code="d">ZCU</subfield>
  </datafield>
  <datafield tag="043" ind1=" " ind2=" ">
    <subfield code="a">a-iq---</subfield>
  </datafield>
  <datafield tag="050" ind1="0" ind2=" ">
    <subfield code="a">PJ8044.A2</subfield>
    <subfield code="b">K3 1956</subfield>
  </datafield>
  <datafield tag="100" ind1="1" ind2=" ">
    <subfield code="a">Kātib al-Iṣfahānī, ʻImād al-Dīn Muḥammad ibn Muḥammad,</subfield>
    <subfield code="d">1125-1201.</subfield>
  </datafield>
  <datafield tag="245" ind1="1" ind2="0">
    <subfield code="a">Kharīdat al-qaṣr wa-jarīdat al-ʻaṣr,</subfield>
    <subfield code="b">al-qism al-ʻIrāqī,</subfield>
    <subfield code="c">Taʾlīf ʻImād al-Dīn al-Iṣfahānī al-kātib.  Ḥaqqaqahu wa-ḍabaṭahu wa-sharaḥahu wa-kataba muqaddimatahu Muḥammad Bahjat al-Atharī.  Aʻadda aṣlahu wa-shāraka fī taḥqīqihi wa-muʻāraḍat naskhihi wa-ṣanʻ fahārisahu Jamīl Saʻīd.</subfield>
  </datafield>
  <datafield tag="260" ind1=" " ind2=" ">
    <subfield code="a">[Baghdād]</subfield>
    <subfield code="b">Maṭbaʻat al-Majmaʻ al-ʻIlmī al-ʻIrāqī,</subfield>
    <subfield code="c">1955 [i.e. 1956-</subfield>
  </datafield>
  <datafield tag="300" ind1=" " ind2=" ">
    <subfield code="a">v.</subfield>
    <subfield code="b">illus.</subfield>
    <subfield code="c">30 cm.</subfield>
  </datafield>
  <datafield tag="490" ind1="1" ind2=" ">
    <subfield code="a">Maṭbūʻāt al-Majmaʻ al-ʻIlmī al-ʻIrāqī</subfield>
  </datafield>
  <datafield tag="490" ind1="1" ind2=" ">
    <subfield code="a">Silsilat Kutub al-turāth</subfield>
  </datafield>
  <datafield tag="500" ind1=" " ind2=" ">
    <subfield code="a">In Arabic.</subfield>
  </datafield>
  <datafield tag="500" ind1=" " ind2=" ">
    <subfield code="a">Publisher varies.</subfield>
  </datafield>
  <datafield tag="500" ind1=" " ind2=" ">
    <subfield code="a">vol. 3, pt. 1-   lack subtitle: al-Qism al-ʻIrāqī.</subfield>
  </datafield>
  <datafield tag="500" ind1=" " ind2=" ">
    <subfield code="a">vol. 3, pt. 1-   have  series statement: Silsilat kutub al-twrāth.</subfield>
  </datafield>
  <datafield tag="500" ind1=" " ind2=" ">
    <subfield code="a">vols. 2-         edited by al-Atharī only.</subfield>
  </datafield>
  <datafield tag="504" ind1=" " ind2=" ">
    <subfield code="a">Includes bibliographies.</subfield>
  </datafield>
  <datafield tag="650" ind1=" " ind2="0">
    <subfield code="a">Arabic poetry</subfield>
    <subfield code="z">Iraq.</subfield>
  </datafield>
  <datafield tag="700" ind1="1" ind2=" ">
    <subfield code="a">Atharī, Muḥammad Bahjat.</subfield>
  </datafield>
  <datafield tag="700" ind1="1" ind2=" ">
    <subfield code="a">Saʻīd, Jamīl,</subfield>
    <subfield code="d">-1990.</subfield>
  </datafield>
  <datafield tag="830" ind1=" " ind2="0">
    <subfield code="a">Maṭbūʻāt al-Majmaʻ al-ʻIlmī al-ʻIrāqī.</subfield>
  </datafield>
  <datafield tag="830" ind1=" " ind2="0">
    <subfield code="a">Silsilat Kutub al-turāth.</subfield>
  </datafield>
  <datafield tag="955" ind1=" " ind2=" ">
    <subfield code="b">0036761940</subfield>
    <subfield code="d">glx</subfield>
    <subfield code="e">PJ8044.A2 K3 1956</subfield>
    <subfield code="v">v.2</subfield>
  </datafield>
</record>
</collection>